<record xmlns='http://www.loc.gov/MARC21/slim'><leader>10478ctc a2200865Ia 4500</leader><controlfield tag='001'>4525559</controlfield><controlfield tag='005'>20200922110856.0</controlfield><controlfield tag='008'>050511i11001499ua            000 m ara d</controlfield><datafield ind1=' ' ind2=' ' tag='035'><subfield code='a'>4525559</subfield></datafield><datafield ind1=' ' ind2=' ' tag='040'><subfield code='a'>PUL</subfield><subfield code='e'>amremm</subfield><subfield code='c'>PUL</subfield><subfield code='d'>PUL</subfield></datafield><datafield ind1=' ' ind2=' ' tag='035'><subfield code='a'>( NjP)4525559</subfield></datafield><datafield ind1=' ' ind2=' ' tag='043'><subfield code='a'>n-us-nj</subfield><subfield code='a'>f-ua---</subfield></datafield><datafield ind1=' ' ind2=' ' tag='049'><subfield code='a'>PULL</subfield></datafield><datafield ind1=' ' ind2=' ' tag='035'><subfield code='a'>(OCoLC)ocm67543382</subfield></datafield><datafield ind1='0' ind2='0' tag='245'><subfield code='a'>[Letters and documents, 1106-1497]</subfield></datafield><datafield ind1=' ' ind2=' ' tag='260'><subfield code='a'>[Egypt,</subfield><subfield code='c'>between 11-- and 14--]</subfield></datafield><datafield ind1=' ' ind2=' ' tag='300'><subfield code='a'>41 items :</subfield><subfield code='b'>paper ;</subfield><subfield code='c'>up to 510 x 164 mm.</subfield></datafield><datafield ind1=' ' ind2=' ' tag='500'><subfield code='a'>Ms. documents.</subfield></datafield><datafield ind1=' ' ind2=' ' tag='500'><subfield code='a'>Title supplied by cataloguer.</subfield></datafield><datafield ind1='8' ind2=' ' tag='520'><subfield code='a'>Collection of 41 documents from Egypt (Fatimid, Ayyubid and Mamluk periods), collected by George Anastase Michaeliʹdes (1900-1973).</subfield></datafield><datafield ind1=' ' ind2=' ' tag='500'><subfield code='a'>The text of some items (1, 3, 4, 5, 6, 8, 9, 14, 26, 28, 29) is transcribed by a modern hand on a separate sheet.</subfield></datafield><datafield ind1='0' ind2=' ' tag='505'><subfield code='a'>1. Item 1 : Legal document issued to the Majlis al-ʻĀlī concerning a female slave, witnessed by a judge Muḥammad Mūsá, dated Rabīʻ al-Awwal 810 H. [1407]. [Described on the paper wrapper as : &quot;Acte de mariage entre Mahmoud ibn abdalla avec madame Galila Fatma la grande fille de son excellence el Gadi Fatima el Togan (gouverneur)&quot; ; [next line] : &quot;A.H. 810&quot;]. Linked to item 37 (?).</subfield></datafield><datafield ind1='8' ind2=' ' tag='505'><subfield code='a'>2. Item 2 : Legal document written in Cairo, dated 811 H. (?) [1408].</subfield></datafield><datafield ind1='8' ind2=' ' tag='505'><subfield code='a'>3. Item 3 : Legal document (receipt) concerning receiving payments for crops. [Described on the paper wrapper as : &quot;contrat du prince Saragah Mache (mamelouk) avec les cultivateurs&quot;]. Loss of text on the left side.</subfield></datafield><datafield ind1='8' ind2=' ' tag='505'><subfield code='a'>4. Item 4 : Legal document (receipt) mentioning ʻAlāʾ al-Dīn ibn Ḥasan, dated 15 Dhū al-Ḥijjah 800 H. [1398]. [Described on the paper wrapper as : &quot;The prince Shahab el Dine Ahmed ibn Zen al dine Received [...] the amount of the mariage from the prince Al el Dine Aly ibn Hassan Fatima el Togun&quot;].</subfield></datafield><datafield ind1='8' ind2=' ' tag='505'><subfield code='a'>5. Item 5 : Legal document (receipt) concerning payment made by a certain Fāṭimah. [Described on the paper wrapper as : [a] &quot;Fatima Togan&quot; [c] &quot;receipt of money from Fatima by Karal [...] SefelDine Abdalla el Nassiri&quot;].</subfield></datafield><datafield ind1='8' ind2=' ' tag='505'><subfield code='a'>6. Item 6 : Legal document (receipt) concerning payment to Fāṭimah. [Described on the paper wrapper as : &quot;Procuration officielle de Fatma a Sefi Togan ibn Abdalla el Allani&quot; ; [next line] &quot;Fatima Togan&quot;].</subfield></datafield><datafield ind1='8' ind2=' ' tag='505'><subfield code='a'>7. Item 7 : Settlement of account concerning Fāṭimah, wife of Ṭūghān. [On the paper wrapper: &quot;Tugan&quot; ; on a separate small piece of paper : &quot; Important&quot; ; [next line] &quot;settling of an account between a mamlouk who is called Saragat [...] and Faṭima the wife of Ṭug̣an&quot;].</subfield></datafield><datafield ind1='8' ind2=' ' tag='505'><subfield code='a'>8. Item 8 : Receipt of payment in new monies in copper paid to Sayf al-Dīn Ṭūghān by his wife Fāṭimah, dated 29 Ramaḍān 815 [1413]. [Described on the paper wrapper as : &quot;Receipt by the prince Togan ibn Abdalla el Malaki from Fatima fille du gouverneur [...] El Fathi Fath fils de Zadaka el Hadid el [...] Sahai Shahine. prix des objets vendus 3500 dinares&quot; ; [next line] : &quot;Togan et sa femme Fatima&quot;].</subfield></datafield><datafield ind1='8' ind2=' ' tag='505'><subfield code='a'>9. Item 9 : Legal document concerning the marital status of the daughter of Sayf al-Dīn, dated 15 Dhū al-Ḥijjah 808 H. [1406]. [Described on the paper wrapper as : &quot;Acte de divorce de prince Al Togan avec sa femme&quot; ; on a separate small piece of paper: &quot;An act of giving liberty to a slave dated A.H. 591&quot;; [next line] : &quot;Important&quot;]. Oversize.</subfield></datafield><datafield ind1='8' ind2=' ' tag='505'><subfield code='a'>10. Item 10 : Religious text mentioning the name of Saʻīd ibn Ḥasan al-Talimsānī. [Described on the paper wrapper as : &quot;Poeme religieux d&apos;un poëte inconnu&quot; ; on a separate small piece of paper : &quot;Poems of an unknown poet&quot; ; [next line, in red] : &quot;religious&quot;].</subfield></datafield><datafield ind1='8' ind2=' ' tag='505'><subfield code='a'>11. Item 11 : Official letter of the Mamlūk period. [Described on the paper wrapper as: &quot;une lettre de l&apos;epoque des mamelucks caucasiens (?)&quot; ; on a separate small piece of paper : &quot;A letter from the mamlouk Circasian period&quot;].</subfield></datafield><datafield ind1='8' ind2=' ' tag='505'><subfield code='a'>12. Item 12 : Official letter of complaint, mentioning the names of Ismāʻīl and ʻUmar al-Katalnī. [Described on the paper wrapper as: &quot;Complainte contre un homme de la tribu de Kutawa [...] Fatimite&quot; ; on a separate small piece of paper : &quot; A complaint against a man from the tribe of Kutama (from the Fatimite period)&quot;].</subfield></datafield><datafield ind1='8' ind2=' ' tag='505'><subfield code='a'>13. Item 13 : Certificate of manumission of a slave, dated 591H. (?) [1194-5]. [Described on a separate small piece of paper as: &quot;letter from a noble man asking from another generousity and finishing his letter with poetry praising the bonifactor (bienfaiteur)&quot; [Linked to item 26 (?)]. Oversize.</subfield></datafield><datafield ind1='8' ind2=' ' tag='505'><subfield code='a'>14. Item 14 : Receipt of payment in monies minted in copper, owed to ʻAlāʾ al-Dīn, dated 24 Ramaḍān 815 H. [1412]. [Described on the paper wrapper as: &quot;reconnaissance du debiteur al Maalim ibn Aly ibn Omar el Kassida de payer sa dette au prince Al el Dine ibn Mar[--]oum el Farsi Shahine ibn Abdalla el Shahani&quot; ; [next line] : &quot;A.H. 510&quot;].</subfield></datafield><datafield ind1='8' ind2=' ' tag='505'><subfield code='a'>15. Item 15 : Love letter. [Described on the paper wrapper as: &quot;Poesie&quot; ; on a separate small sheet of paper : &quot;poetry&quot;].</subfield></datafield><datafield ind1='8' ind2=' ' tag='505'><subfield code='a'>16. Item 16 : Letter, loss of text at top.</subfield></datafield><datafield ind1='8' ind2=' ' tag='505'><subfield code='a'>17. Item 17 : Official document relating to certain expenses, dated 7 Dhū al-Ḥijjah 902 H. (?) [1497]. [Described in the dealer&apos;s description as dated 702 H. [1302]].</subfield></datafield><datafield ind1='8' ind2=' ' tag='505'><subfield code='a'>18. Item 18 : Amulet containing prayers to God and the Prophet.</subfield></datafield><datafield ind1='8' ind2=' ' tag='505'><subfield code='a'>19. Item 19 : Letter from a slave to his former master asking him to take him back. [Described on the paper wrapper as: &quot;Un esclave mamelouk demandant à son ancienne maitresse de retourner dans sa première maison&quot; ; on a separate small piece of paper : &quot;A mamlouk (slave) asking his ancient mistress to return him to her house. She has sold him to a man whose house is dirty and hot.&quot;].</subfield></datafield><datafield ind1='8' ind2=' ' tag='505'><subfield code='a'>20. Item 20 : (20a) Letter from a slave to his master regarding administrative matters. (20b) Letter. [Described on the paper wrapper as: &quot;lettre d&apos;un esclave à son maître expliquant sa methode d&apos;administration&quot; ; on a separate small piece of paper: &quot;A letter from a slave who is called Gani Bek to his master explaining to him his method of administration&quot;].</subfield></datafield><datafield ind1='8' ind2=' ' tag='505'><subfield code='a'>21. Item 21 : Instructions from the Coptic church, dated 25 Baʾūnah (?) of the Coptic year 1392 (?).</subfield></datafield><datafield ind1='8' ind2=' ' tag='505'><subfield code='a'>22. Item 22 : Two official documents, the first (22a) dated Tripoli, 15 Dhū al-Qaʻdah 884 H. [1480], the second (22b) dated 9 (?) Ramaḍān 907 H. [1502].</subfield></datafield><datafield ind1='8' ind2=' ' tag='505'><subfield code='a'>23. Item 23 : Letter of complaint from some students at al-Azhar against a landowner. [Described on the paper wrapper as: &quot;Complainte des etudiants d&apos;El Azhar au Waliʹ&quot; ; on a separate small piece of paper: &quot; Some students of al-Azhar writing a complaint to the Wali against a turkish owner who hired them land (?) for cultivation&quot;].</subfield></datafield><datafield ind1='8' ind2=' ' tag='505'><subfield code='a'>24. Item 24 : One leaf of a manuscript containing Arabic poetry in jīm. [Described on the paper wrapper as: &quot;Poesie&quot; ; on a separate small piece of paper: &quot;poetry&quot;].</subfield></datafield><datafield ind1='8' ind2=' ' tag='505'><subfield code='a'>25. Item 25 : Love poetry (3 lines), starting with: &quot;amūtu wa-lā tadrī&quot;. [Described on the paper wrapper as: &quot;Poeme d&apos;un amoureux&quot; ; on a separate small piece of paper: &quot;poems of a lover&quot;].</subfield></datafield><datafield ind1='8' ind2=' ' tag='505'><subfield code='a'>26. Item 26 : Letter of praise addressed to a benefactor in the hopes of some financial reward. Oversize.</subfield></datafield><datafield ind1='8' ind2=' ' tag='505'><subfield code='a'>27. Item 27 : Document confirming a debt by three persons to their master Kashqadām ibn ʻAbd Allāh al-Malikī al-ʻAzīzī, dated 11 Rabīʻ al-Awwal 842 H. [1438]. [Described on a separate small piece of paper as: &quot;Important&quot; ; [next line] &quot;An affirmation of a debt of three debitors to their master Khachkadan dated A.H. 842&quot; ; [next line, in red] &quot;He was elected a king of [...] (?)&quot;.</subfield></datafield><datafield ind1='8' ind2=' ' tag='505'><subfield code='a'>28. Item 28 : Official document mentioning the name of al-Sayyid Naṣīr al-Dīn Muḥammad al-Mawṣūl. [Described on the paper wrapper as : &quot;prières (?) du [...] (?) Arabe min Tabacat at Tazia (secte religieuse de l&apos;epoque mamelouk, in [...] (?) dans l&apos;histoire&quot;].</subfield></datafield><datafield ind1='8' ind2=' ' tag='505'><subfield code='a'>29. Item 29 : Official document demanding the collection of funds. Oversize.</subfield></datafield><datafield ind1='8' ind2=' ' tag='505'><subfield code='a'>30. Item 30 : Amulet with magical script and numbers. [Described on the paper wrapper as : &quot;Hegab en Madhrebin&quot; ; on a separate small piece of paper: &quot;a Ḥigab&quot;; [next line] &quot;Talisman in maghribian (?) inscription&quot;]</subfield></datafield><datafield ind1='8' ind2=' ' tag='505'><subfield code='a'>31. Item 31 : Official letter from ʻUthmān ibn ʻUmar to Jawhar al-Ṣafawī, asking him for money. [Described on a separate small piece of paper: &quot;Important&quot;; [next line] &quot;A letter from a mamluk (slave) named ʻUthmān ibn ʻUmar asking his master Gohar Al Safawī to send him a sum of money&quot;; [next line] &quot;The word Urgent is written around the inscription in thick characters.&quot;].</subfield></datafield><datafield ind1='8' ind2=' ' tag='505'><subfield code='a'>32. Item 32 : Document, verso with medical prescription in a different hand.</subfield></datafield><datafield ind1='8' ind2=' ' tag='505'><subfield code='a'>33. Item 33 : Document, verso with Coptic text.</subfield></datafield><datafield ind1='8' ind2=' ' tag='505'><subfield code='a'>34. Item 34 : Document.</subfield></datafield><datafield ind1='8' ind2=' ' tag='505'><subfield code='a'>35. Item 35 : Document, verso with a text in a different hand.</subfield></datafield><datafield ind1='8' ind2=' ' tag='505'><subfield code='a'>36. Item 36 : Official document mentioning the name of Aḥmad ibn ʻAbd Allāh, dated 500 H. (?) [1106].</subfield></datafield><datafield ind1='8' ind2=' ' tag='505'><subfield code='a'>37. Item 37 : Official document issued to the Majlis al-ʻĀlī, dated 512 H. [1118]. Linked to item 1 (?).</subfield></datafield><datafield ind1='8' ind2=' ' tag='505'><subfield code='a'>38. Item 38 : Scroll, probably a textual amulet, in magical script.</subfield></datafield><datafield ind1='8' ind2=' ' tag='505'><subfield code='a'>39. Item 39 : Cotton bag for amulet, with inscriptions in Arabic.</subfield></datafield><datafield ind1='8' ind2=' ' tag='505'><subfield code='a'>40. Item 40 : Scroll, textual amulet with figures. Oversize.</subfield></datafield><datafield ind1='8' ind2=' ' tag='505'><subfield code='a'>41. Item 41 : Amulet with figures in two booklets. Oversize</subfield></datafield><datafield ind1=' ' ind2=' ' tag='541'><subfield code='c'>Purchase ;</subfield><subfield code='a'>Christopher Edwards Antiquarian Books &amp; Manuscripts;</subfield><subfield code='d'>2005. Items 18, 30, 38-41 : Gift of the Gardner Magic Project in memory of David A. Gardner, Princeton Class of 1969.</subfield></datafield><datafield ind1=' ' ind2='0' tag='650'><subfield code='a'>Legal documents</subfield><subfield code='z'>Egypt</subfield><subfield code='v'>Early works to 1800.</subfield></datafield><datafield ind1=' ' ind2='0' tag='650'><subfield code='a'>Islamic magic</subfield><subfield code='v'>Early works to 1800.</subfield></datafield><datafield ind1=' ' ind2='0' tag='650'><subfield code='a'>Amulets (Islam)</subfield><subfield code='v'>Early works to 1800.</subfield></datafield><datafield ind1=' ' ind2='0' tag='650'><subfield code='a'>Manuscripts, Arabic</subfield><subfield code='z'>New Jersey</subfield><subfield code='z'>Princeton.</subfield></datafield><datafield ind1=' ' ind2='7' tag='655'><subfield code='a'>Manuscripts, Arabic</subfield><subfield code='z'>Egypt</subfield><subfield code='y'>12th century.</subfield><subfield code='2'>lcsh</subfield></datafield><datafield ind1='1' ind2=' ' tag='700'><subfield code='a'>Michaeliʹdes, George Anastase,</subfield><subfield code='d'>1900-1973.</subfield></datafield><datafield ind1='4' ind2='1' tag='856'><subfield code='u'>http://arks.princeton.edu/ark:/88435/hm50tr79b</subfield></datafield><datafield ind1=' ' ind2=' ' tag='902'><subfield code='a'>ceb</subfield><subfield code='b'>o</subfield><subfield code='6'>t</subfield><subfield code='7'>c</subfield><subfield code='d'>v</subfield><subfield code='f'>0</subfield><subfield code='e'>20060424</subfield></datafield><datafield ind1=' ' ind2=' ' tag='999'><subfield code='a'>4525559</subfield></datafield><datafield ind1=' ' ind2=' ' tag='904'><subfield code='a'>tj</subfield><subfield code='b'>o</subfield><subfield code='h'>n</subfield><subfield code='c'>a</subfield><subfield code='e'>20050511</subfield></datafield><datafield ind1=' ' ind2=' ' tag='994'><subfield code='a'>C0</subfield><subfield code='b'>PUL</subfield></datafield><datafield ind1=' ' ind2=' ' tag='979'><subfield code='a'>(OCoLC)ocn186459901</subfield></datafield><datafield ind1='8' ind2='0' tag='852'><subfield code='0'>4777238</subfield><subfield code='b'>hsvm</subfield><subfield code='h'>Islamic Manuscripts, Third Series no. 584e</subfield><subfield code='c'>Oversize</subfield><subfield code='x'>tr fr mss</subfield></datafield><datafield ind1=' ' ind2='0' tag='866'><subfield code='0'>4777238</subfield><subfield code='a'>Box 1-box 2</subfield></datafield><datafield ind1='8' ind2=' ' tag='852'><subfield code='0'>9377042</subfield><subfield code='b'>elf1</subfield><subfield code='h'>Electronic Resource</subfield></datafield><datafield ind1=' ' ind2=' ' tag='959'><subfield code='a'>2005-05-11 13:12:08 +0000</subfield></datafield></record>
